<?xml version="1.0" encoding="UTF-8"?><collection xmlns="http://www.loc.gov/MARC21/slim"><record><leader>00541nam--2200121-i-4500</leader><controlfield tag="001">000023281</controlfield><controlfield tag="002">20161230</controlfield><controlfield tag="005">20161230201035</controlfield><controlfield tag="008">060222s1000------------r-----000-0-eng-d</controlfield><datafield ind1=" " ind2=" " tag="080"><subfield code="a">015:621.039.543</subfield></datafield><datafield ind1=" " ind2=" " tag="100"><subfield code="a">Halachmy, Matitiahu</subfield></datafield><datafield ind1=" " ind2=" " tag="245"><subfield code="a">Contribution a l`etude du comportement des produits de fission dans les combustibles nucleaires par la mesure des tensions de vapeur des constituants de (upu)o2 irradie dans un flux de neutrons rapides. these</subfield></datafield><datafield ind1=" " ind2=" " tag="260"><subfield code="a">Orsay, Faculte Des Science D`Orsay, Univ.De Paris, 1971. 67 P. + 36 P.Tabl. Si Fig</subfield></datafield></record></collection>